<record xmlns="http://www.loc.gov/MARC21/slim" xmlns:xsi="http://www.w3.org/2001/XMLSchema-instance" xsi:schemaLocation="http://www.loc.gov/MARC21/slim http://www.loc.gov/standards/marcxml/schema/MARC21slim.xsd"><leader>02560nam a2200457   4500</leader><controlfield tag="001">001686826</controlfield><controlfield tag="003">NNU</controlfield><controlfield tag="006">m        d        </controlfield><controlfield tag="007">cr cn |||m|||a</controlfield><controlfield tag="008">150222s1926    ae      ob    001 0 ara d</controlfield><datafield ind1=" " ind2=" " tag="040"><subfield code="a">NNU</subfield><subfield code="b">eng</subfield><subfield code="e">rda</subfield><subfield code="c">NNU</subfield></datafield><datafield ind1=" " ind2="4" tag="050"><subfield code="a">PJ7696.U7</subfield><subfield code="b">A6 1926</subfield></datafield><datafield ind1="0" ind2=" " tag="100"><subfield code="6">880-01</subfield><subfield code="a">&#699;Urwah ibn al-Ward,</subfield><subfield code="d">active 6th century.</subfield></datafield><datafield ind1="1" ind2="0" tag="245"><subfield code="6">880-02</subfield><subfield code="a">Sharh&#803; Di&#772;wa&#772;n &#699;Urwah ibn al-Ward al-&#699;Absi&#772; /</subfield><subfield code="c">li-Abi&#772; Yu&#772;suf Ya&#699;qu&#772;b ibn Ish&#803;a&#772;q al-Sikki&#772;t ; i&#699;tana&#769; bi-tas&#803;h&#803;i&#772;h&#803;ihi Ibn Abi&#772; Shanab. Wa-yali&#772;hi jumlah mimma&#772; lam yudhkar min shi&#699;rihi fi&#772; ha&#772;dha&#772; al-sharh&#803;.</subfield></datafield><datafield ind1="3" ind2=" " tag="246"><subfield code="a">&#699;Orwa ben el-Ward, di&#770;wa&#770;n accompagne&#769; du commentaire d'Ibn es Sikki&#770;t</subfield></datafield><datafield ind1=" " ind2=" " tag="260"><subfield code="6">880-03</subfield><subfield code="a">[Algiers] :</subfield><subfield code="b">[Mat&#803;ba&#699;at Ju&#772;l Karbu&#772;nil],</subfield><subfield code="c">[1926]</subfield></datafield><datafield ind1=" " ind2=" " tag="300"><subfield code="a">online resource (250 pages)</subfield></datafield><datafield ind1=" " ind2=" " tag="336"><subfield code="a">text</subfield><subfield code="2">rdacontent</subfield></datafield><datafield ind1=" " ind2=" " tag="337"><subfield code="a">computer</subfield><subfield code="2">rdamedia</subfield></datafield><datafield ind1=" " ind2=" " tag="338"><subfield code="a">online resource</subfield><subfield code="2">rdacarrier</subfield></datafield><datafield ind1="1" ind2=" " tag="490"><subfield code="6">880-04</subfield><subfield code="a">Khaza&#772;nat al-kutub al-&#699;Arabi&#772;yah</subfield></datafield><datafield ind1=" " ind2=" " tag="500"><subfield code="a">At head of title: Fuh&#803;u&#772;l al-&#699;Arab fi&#772; &#699;ilm al-adab.</subfield></datafield><datafield ind1=" " ind2=" " tag="500"><subfield code="a">Part of the Arabic Collections Online (ACO) project, contributed by New York Univeristy Libraries.</subfield></datafield><datafield ind1=" " ind2=" " tag="504"><subfield code="a">Includes bibliographical references and indexes.</subfield></datafield><datafield ind1=" " ind2=" " tag="533"><subfield code="a">Electronic reproduction.</subfield><subfield code="b">New York, N.Y. :</subfield><subfield code="c">New York University,</subfield><subfield code="d">2015.</subfield><subfield code="5">NNU</subfield></datafield><datafield ind1="0" ind2=" " tag="700"><subfield code="6">880-05</subfield><subfield code="a">Ibn al-Sikki&#772;t,</subfield><subfield code="d">-857 or 858.</subfield></datafield><datafield ind1="1" ind2=" " tag="700"><subfield code="6">880-06</subfield><subfield code="a">Ben Cheneb, Mohammed,</subfield><subfield code="d">1869-1929</subfield></datafield><datafield ind1="2" ind2=" " tag="710"><subfield code="a">New York University.</subfield><subfield code="b">Libraries.</subfield></datafield><datafield ind1="0" ind2=" " tag="730"><subfield code="a">Arabic Collections Online.</subfield></datafield><datafield ind1="0" ind2="8" tag="776"><subfield code="i">Print version:</subfield><subfield code="a">&#699;Urwah ibn al-Ward, active 6th century.</subfield><subfield code="t">Sharh&#803; Di&#772;wa&#772;n &#699;Urwah ibn al-Ward al-&#699;Absi&#772;</subfield><subfield code="w">(NNU)001686826</subfield><subfield code="w">(DLC)   73200295</subfield></datafield><datafield ind1="4" ind2="0" tag="856"><subfield code="u">http://hdl.handle.net/2333.1/p2ngf3qn</subfield></datafield><datafield ind1="0" ind2=" " tag="880"><subfield code="6">100-01/</subfield><subfield code="a">&#1593;&#1585;&#1608;&#1577; &#1576;&#1606; &#1575;&#1604;&#1608;&#1585;&#1583;&#1548;,</subfield><subfield code="d">active 6th century.</subfield></datafield><datafield ind1="1" ind2="0" tag="880"><subfield code="6">245-02/</subfield><subfield code="a">&#1588;&#1585;&#1581; &#1583;&#1610;&#1608;&#1575;&#1606; &#1593;&#1585;&#1608;&#1577; &#1576;&#1606; &#1575;&#1604;&#1608;&#1585;&#1583; &#1575;&#1604;&#1593;&#1576;&#1587;&#1610; /</subfield><subfield code="c">&#1604;&#1571;&#1576;&#1610; &#1610;&#1608;&#1587;&#1601; &#1575;&#1587;&#1581;&#1575;&#1602; &#1575;&#1604;&#1587;&#1603;&#1610;&#1578; &#1563; &#1575;&#1593;&#1578;&#1606;&#1609; &#1576;&#1578;&#1589;&#1581;&#1610;&#1581;&#1607; &#1575;&#1576;&#1606; &#1571;&#1576;&#1610; &#1588;&#1606;&#1576;. &#1608;&#1610;&#1604;&#1610;&#1607; &#1580;&#1605;&#1604;&#1577; &#1605;&#1605;&#1575; &#1604;&#1605; &#1610;&#1584;&#1603;&#1585; &#1605;&#1606; &#1588;&#1593;&#1585;&#1577; &#1601;&#1610; &#1607;&#1584;&#1575; &#1575;&#1604;&#1588;&#1585;&#1581;.</subfield></datafield><datafield ind1=" " ind2=" " tag="880"><subfield code="6">260-03/</subfield><subfield code="a">&#1575;&#1604;&#1580;&#1586;&#1575;&#1574;&#1585; :</subfield><subfield code="b">&#1605;&#1591;&#1576;&#1593;&#1577; &#1580;&#1608;&#1604; &#1603;&#1585;&#1576;&#1608;&#1606;&#1604;&#1548;</subfield><subfield code="c">1926.</subfield></datafield><datafield ind1="1" ind2=" " tag="880"><subfield code="6">490-04/</subfield><subfield code="a">&#1582;&#1586;&#1575;&#1606;&#1577; &#1575;&#1604;&#1603;&#1578;&#1576; &#1575;&#1604;&#1593;&#1585;&#1576;&#1610;&#1577;</subfield></datafield><datafield ind1="0" ind2=" " tag="880"><subfield code="6">700-05/</subfield><subfield code="a">&#1575;&#1576;&#1606; &#1575;&#1604;&#1587;&#1603;&#1610;&#1578;&#1548;,</subfield><subfield code="d">8 or 857 .d.</subfield></datafield><datafield ind1="1" ind2=" " tag="880"><subfield code="6">700-06/</subfield><subfield code="a">&#1575;&#1576;&#1606; &#1571;&#1576;&#1610; &#1588;&#1606;&#1576;&#1548; &#1605;&#1581;&#1605;&#1583;.</subfield></datafield><datafield ind1=" " ind2="0" tag="830"><subfield code="6">880-07</subfield><subfield code="a">Maktabah al-&#699;Arab&#299;yah (Cairo, Egypt)</subfield></datafield><datafield ind1=" " ind2="0" tag="880"><subfield code="6">830-07/</subfield><subfield code="a">&#1605;&#1603;&#1578;&#1576;&#1577; &#1575;&#1604;&#1593;&#1585;&#1576;&#1610;&#1577; (Cairo, Egypt)</subfield></datafield><datafield ind1=" " ind2=" " tag="959"><subfield code="a">NNU</subfield><subfield code="b">WEB</subfield><subfield code="c">GENI</subfield><subfield code="t">0</subfield><subfield code="m">Electronic access</subfield><subfield code="s">01</subfield></datafield><datafield ind1=" " ind2=" " tag="999"><subfield code="i">NNU_001686826</subfield><subfield code="s">nyu_aco000321</subfield><subfield code="e">(ERROR-880)</subfield></datafield></record>